@article{Daud2010,
  doi = {10.1007/s11704-009-0062-y},
  url = {https://doi.org/10.1007/s11704-009-0062-y},
  year = {2010},
  month = jan,
  publisher = {Springer Science and Business Media {LLC}},
  volume = {4},
  number = {2},
  pages = {280--301},
  author = {Ali Daud and Juanzi Li and Lizhu Zhou and Faqir Muhammad},
  title = {Knowledge discovery through directed probabilistic topic models: a survey},
  journal = {Frontiers of Computer Science in China}
}

@article{Lamirel2020,
  doi = {10.1007/s11192-020-03503-8},
  url = {https://doi.org/10.1007/s11192-020-03503-8},
  year = {2020},
  month = may,
  publisher = {Springer Science and Business Media {LLC}},
  volume = {125},
  number = {3},
  pages = {2971--2999},
  author = {Jean-Charles Lamirel and Yue Chen and Pascal Cuxac and Shadi Al Shehabi and Nicolas Dugu{\'{e}} and Zeyuan Liu},
  title = {An overview of the history of Science of Science in China based on the use of bibliographic and citation data: a new method of analysis based on clustering with feature maximization and contrast graphs},
  journal = {Scientometrics}
}

@article{deWildt2018,
  doi = {10.1016/j.apenergy.2018.06.082},
  url = {https://doi.org/10.1016/j.apenergy.2018.06.082},
  year = {2018},
  month = oct,
  publisher = {Elsevier {BV}},
  volume = {228},
  pages = {2111--2128},
  author = {Tristan E. de Wildt and Emile J.L. Chappin and Geerten van de Kaa and Paulien M. Herder},
  title = {A comprehensive approach to reviewing latent topics addressed by literature across multiple disciplines},
  journal = {Applied Energy}
}